@Misc{GV,
title = "Graphviz",
howpublished = "\url{graphviz.org}",
note = "Logiciel libre pour la visualisation des graphes"
}
